Automatically generated by Mendeley Desktop 1.19.8
Any changes to this file will be lost if it is regenerated by Mendeley.

BibTeX export options can be customized via Options -> BibTeX in Mendeley Desktop
@book{Smor1985,
	author ={Craig Smorynski},
	publisher = {Springer-verlag},
	year = {1985},
	title = {Self-Rference and modal logic},
}
@book{Cohen1966,
	author ={Paul Cohen},
	publisher = {W. A. Benjamin, Inc.},
	year = {1966},
	title = {Set Theory and the Continuum Hypothesis},
}
@book{Ender2001,
	author ={Herbert B. Enderton},
	publisher = {Academic Press},
	year = {2001},
	title = {A Mathematical Introduction to Logic}},
}
@book{Mendel1964,
	author ={Elliott Mendelson},
	publisher = {Van Norstrand},
	year = {1964},
	title = {Introduction to Mathematical Logic},
}
@article{solovay976,
author = {Solovay, Robert M},
journal = {Israel journal of mathematics},
language = {eng},
number = {3-4},
title = {Provability interpretations of modal logic},
volume = {25},
year = {1976},
}
	@InCollection{sep-goedel-incompleteness,
	author       =	{Raatikainen, Panu},
	title        =	{{Gödel’s Incompleteness Theorems}},
	booktitle    =	{The {Stanford} Encyclopedia of Philosophy},
	editor       =	{Edward N. Zalta},
	howpublished =	{\url{https://plato.stanford.edu/archives/spr2022/entries/goedel-incompleteness/}},
	year         =	{2022},
	edition      =	{{S}pring 2022},
	publisher    =	{Metaphysics Research Lab, Stanford University}
}
@InCollection{SmorHand,
author = {Smorynski, Craig},
title = {The Incompleteness Theorems},
booktitle = {The Handbook of Mathematical logic},
editor = {Barwise, John},
year ={1977},
publisher = {North-Holland Publishing Company}
}
@book{Hendricks2011,
address = {Kbh},
author = {Hendricks, Vincent Fella and Andur Pedersen, Stig},
edition = {2. revider},
editor = {Hendricks, Vincent Fella and {Andur Pedersen}, Stig},
keywords = {logik},
language = {dan},
publisher = {Automatic Press},
title = {{Moderne element{\ae}r logik.}},
year = {2011}
}
@book{Garson2006,
address = {Cambridge},
author = {Garson, James W},
language = {eng},
publisher = {Cambridge University Press},
title = {{Modal Logic for Philosophers}},
year = {2006}
}
@book{Hintikka1969,
address = {Dordrecht},
author = {Hintikka, K. Jaakko J.},
editor = {Hintikka, Jaakko.},
language = {dut},
publisher = {D. Reidel},
title = {{Models for modalities :  Selected essays.}},
year = {1969}
}
@book{Lemmon1977,
address = {Oxford},
author = {Lemmon, E. J.},
editor = {Scot, Dana.},
language = {eng},
series = {American philosophical quarterly. Monograph series ; monograph no. 11.},
publisher = {Basil Blackwell},
title = {{An introduction to modal logic :  the "Lemmon notes" }},
year = {1977}
}
@article{Goldblatt2003,
author = {Goldblatt, Robert},
journal = {Journal of applied logic},
keywords = {Boolean algebra},
language = {eng},
publisher = {Elsevier B.V},
title = {{Mathematical modal logic: A view of its evolution}},
volume = {1},
year = {2003}
}
@article{Kripke1963,
address = {Berlin},
author = {Kripke, Saul A},
journal = {Mathematical logic quarterly},
language = {eng},
publisher = {WILEY-VCH Verlag Berlin GmbH},
title = {{Semantical Analysis of Modal Logic I Normal Modal Propositional Calculi}},
volume = {9},
year = {1963}
}
@book{Blackburn2002,
address = {Cambridge},
author = {Blackburn, Patrick},
editor = {de. Rijke, Maarten and Venema, Yde},
publisher = {Cambridge University Press},
series = {Cambridge tracts in theoretical computer science ; 53.},
title = {{Modal logic}},
year = {2002}
}
@book{Hintikka1962,
address = {Ithaca, N. J},
author = {Hintikka, K. Jaakko J.},
editor = {Hintikka, Jaakko.},
keywords = {Belief and doubt},
publisher = {Cornell Univ. Press},
series = {Contemporary philosophy.},
title = {{Knowledge and belief}},
year = {1962}
}
@book{Sgerberg1971,
   title =     {An Essay in Classical Modal Logic},
   author =    {Krister Segerberg},
   publisher = {Uppsala Universitet},
   year =      {1971},
   series =    {Filosofska Studier, vol.13}
}
@book{Hughes1971,
	title={An introduction to modal logic},
author = {Hughes, G.E and Cresswell, M.J},
year = {1971},
publisher = {Methuen}
}
@misc{Liu,
	title = {Incompleteness result and provability logic},
	author = {Yang Liu},
	year = {2013}
}
	@InCollection{sep-logic-provability,
	author       =	{Verbrugge, Rineke (L.C.)},
	title        =	{{Provability Logic}},
	booktitle    =	{The {Stanford} Encyclopedia of Philosophy},
	editor       =	{Edward N. Zalta},
	howpublished =	{\url{https://plato.stanford.edu/archives/fall2017/entries/logic-provability/}},
	year         =	{2017},
	edition      =	{{F}all 2017},
	publisher    =	{Metaphysics Research Lab, Stanford University}
}
@book{handbook,
editor = {Blackburn, Patrick and van Benthem, Johan and Wolter, Frank},
address = {Amsterdam},
booktitle = {Handbook of modal logic},
language = {eng},
publisher = {Elsevier},
series = {Studies in logic and practical reasoning},
title = {Handbook of modal logic: 1st ed},
volume = {3},
year = {2007},
}
